@book{heisenberg1930physical,
  title      = {The physical principles of the quantum theory},
  author     = {Heisenberg, Werner},
  translator = {Hutchinson, C. A.},
  publisher  = {University of Chicago Press},
  year       = {1930}
}

@article{Casimir:1948dh,
  author  = {Casimir, H. B. G.},
  title   = {On the attraction between two perfectly conducting plates},
  journal = {Indag. Math.},
  volume  = {10},
  number  = {4},
  pages   = {261--263},
  year    = {1948}
}