@misc{ casimir,
    author = "{Wikipedia contributors}",
    title = "Casimir effect --- {Wikipedia}{,} The Free Encyclopedia",
    year = "2024",
    howpublished = "\url{https://en.wikipedia.org/w/index.php?title=Casimir_effect&oldid=1212199656}",
    note = "[Online; accessed 24-March-2024]"
}